%%Example
@book{Blanchard2005,
  title     = "Systems engineering and analysis",
  author    = "Blanchard, Benjamin S and Fabrycky, Wolter J",
  publisher = "Pearson",
  edition   =  4,
  month     =  may,
  year      =  2005,
  address   = "Upper Saddle River, NJ",
  language  = "en"
}

@misc{double-diamond-design-council,
  author = "{Design Council}",
  title = "Framework for Innovation",
  year = 2004,
  note = "https://www.designcouncil.org.uk/our-resources/framework-for-innovation/"
}

@misc{ms-obu,
    author = "Iansiti, Marco",
    title = "Microsoft Corporation: Office Business Unit (TN)",
    month = May,
    year = 1993,
    note = "Harvard Business School Teaching Note 693-111",
}

@article{mccormick2012waterfall,
  title={Waterfall vs. Agile methodology},
  author={McCormick, Mike},
  journal={MPCS, N/A},
  volume={3},
  year={2012}
}